@Book{xie2015,
  title = {Dynamic Documents with {R} and knitr},
  author = {Yihui Xie},
  publisher = {Chapman and Hall/CRC},
  address = {Boca Raton, Florida},
  year = {2015},
  edition = {2nd},
  note = {ISBN 978-1498716963},
  url = {http://yihui.org/knitr/},
}
@article{aggarwal2014access,
  title={Access to supermarkets and fruit and vegetable consumption},
  author={Aggarwal, Anju and Cook, Andrea J and Jiao, Junfeng and Seguin, Rebecca A and Vernez Moudon, Anne and Hurvitz, Philip M and Drewnowski, Adam},
  journal={American journal of public health},
  volume={104},
  number={5},
  pages={917--923},
  year={2014},
  publisher={American Public Health Association}
}
@article{algert2006disparities,
  title={Disparities in access to fresh produce in low-income neighborhoods in Los Angeles},
  author={Algert, Susan J and Agrawal, Aditya and Lewis, Douglas S},
  journal={American journal of preventive medicine},
  volume={30},
  number={5},
  pages={365--370},
  year={2006},
  publisher={Elsevier}
}
@article{bancroft2015association,
  title={Association of proximity and density of parks and objectively measured physical activity in the United States: A systematic review},
  author={Bancroft, Carolyn and Joshi, Spruha and Rundle, Andrew and Hutson, Malo and Chong, Catherine and Weiss, Christopher C and Genkinger, Jeanine and Neckerman, Kathryn and Lovasi, Gina},
  journal={Social science \& medicine},
  volume={138},
  pages={22--30},
  year={2015},
  publisher={Elsevier}
}
@article{barclay2017space,
  title={Space and the social worth of public libraries},
  author={Barclay, Donald A},
  journal={Public library quarterly},
  volume={36},
  number={4},
  pages={267--273},
  year={2017},
  publisher={Taylor \& Francis}
}
@article{chen2021effects,
  title={Effects of built environment on activity participation under different space-time constraints: A case study of Guangzhou, China},
  author={Chen, Zifeng and Yeh, Anthony Gar-On},
  journal={Travel Behaviour and Society},
  volume={22},
  pages={84--93},
  year={2021},
  publisher={Elsevier}
}
@article{di2014exploring,
  title={Exploring the role of social capital influence variables on travel behaviour},
  author={Di Ciommo, Floridea and Comendador, Julio and L{\'o}pez-Lambas, Mar{\'\i}a Eugenia and Cherchi, Elisabetta and de Dios Ort{\'u}zar, Juan},
  journal={Transportation Research Part A: Policy and Practice},
  volume={68},
  pages={46--55},
  year={2014},
  publisher={Elsevier}
}
@article{clifton2004mobility,
  title={Mobility strategies and food shopping for low-income families: A case study},
  author={Clifton, Kelly J},
  journal={Journal of Planning Education and Research},
  volume={23},
  number={4},
  pages={402--413},
  year={2004},
  publisher={SAGE Publications}
}
@article{currie2010modelling,
  title={Modelling the social and psychological impacts of transport disadvantage},
  author={Currie, Graham and Delbosc, Alexa},
  journal={Transportation},
  volume={37},
  number={6},
  pages={953--966},
  year={2010},
  publisher={Springer}
}
@article{dong2006moving,
  title={Moving from trip-based to activity-based measures of accessibility},
  author={Dong, Xiaojing and Ben-Akiva, Moshe E and Bowman, John L and Walker, Joan L},
  journal={Transportation Research Part A: policy and practice},
  volume={40},
  number={2},
  pages={163--180},
  year={2006},
  publisher={Elsevier}
}
@article{grengs2015nonwork,
  title={Nonwork accessibility as a social equity indicator},
  author={Grengs, Joe},
  journal={International Journal of Sustainable Transportation},
  volume={9},
  number={1},
  pages={1--14},
  year={2015},
  publisher={Taylor \& Francis}
}
@article{handy1997measuring,
  title={Measuring accessibility: an exploration of issues and alternatives},
  author={Handy, Susan L and Niemeier, Debbie A},
  journal={Environment and planning A},
  volume={29},
  number={7},
  pages={1175--1194},
  year={1997},
  publisher={SAGE Publications Sage UK: London, England}
}
@article{maxwell2008libraries,
  title={Libraries?â€”Yes, In My Backyard!},
  author={Maxwell, Nancy Kalikow},
  journal={Journal of access services},
  volume={5},
  number={3},
  pages={391--396},
  year={2008},
  publisher={Taylor \& Francis}
}
@article{macfarlane2020modeling,
  title={Modeling the impacts of park access on health outcomes: A utility-based accessibility approach},
  author={Macfarlane, Gregory S and Boyd, Nico and Taylor, John E and Watkins, Kari},
  journal={Environment and Planning B: Urban Analytics and City Science},
  pages={2399808320974027},
  year={2020},
  publisher={SAGE Publications Sage UK: London, England}
}
@article{madzia2019residential,
  title={Residential greenspace association with childhood behavioral outcomes},
  author={Madzia, Juliana and Ryan, Patrick and Yolton, Kimberly and Percy, Zana and Newman, Nick and LeMasters, Grace and Brokamp, Cole},
  journal={The Journal of pediatrics},
  volume={207},
  pages={233--240},
  year={2019},
  publisher={Elsevier}
}
@article{widener2015spatiotemporal,
  title={Spatiotemporal accessibility to supermarkets using public transit: an interaction potential approach in Cincinnati, Ohio},
  author={Widener, Michael J and Farber, Steven and Neutens, Tijs and Horner, Mark},
  journal={Journal of Transport Geography},
  volume={42},
  pages={72--83},
  year={2015},
  publisher={Elsevier}
}
@Manual{tidycensus,
  title = {tidycensus: Load US Census Boundary and Attribute Data as 'tidyverse' and
'sf'-Ready Data Frames},
  author = {Kyle Walker and Matt Herman},
  year = {2021},
  note = {R package version 1.0},
  url = {https://CRAN.R-project.org/package=tidycensus},
}


