@Manual{R-mlogit,
  title = {mlogit: Multinomial Logit Models},
  author = {Yves Croissant},
  year = {2020},
  note = {R package version 1.1-1},
  url = {https://CRAN.R-project.org/package=mlogit},
}

@Manual{R-modelsummary,
  title = {modelsummary: Summary Tables and Plots for Statistical Models and Data:
Beautiful, Customizable, and Publication-Ready},
  author = {Vincent Arel-Bundock},
  year = {2021},
  note = {R package version 0.8.0},
  url = {https://vincentarelbundock.github.io/modelsummary/},
}

@Manual{R-opentripplanner,
  title = {opentripplanner: Setup and connect to OpenTripPlanner},
  author = {Malcolm Morgan and Marcus Young and Robin Lovelace},
  year = {2020},
  note = {R package version 0.3.1},
  url = {https://CRAN.R-project.org/package=opentripplanner},
}

@Manual{R-pagedown,
  title = {pagedown: Paginate the HTML Output of R Markdown with CSS for Print},
  author = {Yihui Xie and Romain Lesur and Brent Thorne and Xianying Tan},
  year = {2021},
  note = {R package version 0.15},
  url = {https://github.com/rstudio/pagedown},
}

@Manual{R-posterdown,
  title = {posterdown: Generate PDF Conference Posters Using R Markdown},
  author = {Brent Thorne},
  year = {2019},
  note = {R package version 1.0},
  url = {https://github.com/brentthorne/posterdown},
}

@Manual{R-rmarkdown,
  title = {rmarkdown: Dynamic Documents for R},
  author = {JJ Allaire and Yihui Xie and Jonathan McPherson and Javier Luraschi and Kevin Ushey and Aron Atkins and Hadley Wickham and Joe Cheng and Winston Chang and Richard Iannone},
  year = {2021},
  note = {R package version 2.8},
  url = {https://CRAN.R-project.org/package=rmarkdown},
}

@Article{mlogit2020,
  title = {Estimation of Random Utility  Models in {R}: The {mlogit} Package},
  author = {Yves Croissant},
  journal = {Journal of Statistical Software},
  year = {2020},
  volume = {95},
  number = {11},
  pages = {1--41},
  doi = {10.18637/jss.v095.i11},
}

@Article{opentripplanner2019,
  title = {OpenTripPlanner for R},
  author = {{Malcolm Morgan} and {Marcus Young} and {Robin Lovelace} and {Layik Hama}},
  journal = {Journal of Open Source Software},
  year = {2019},
  volume = {4},
  number = {44},
  pages = {1926},
  doi = {10.21105/joss.01926},
}

@Book{rmarkdown2018,
  title = {R Markdown: The Definitive Guide},
  author = {Yihui Xie and J.J. Allaire and Garrett Grolemund},
  publisher = {Chapman and Hall/CRC},
  address = {Boca Raton, Florida},
  year = {2018},
  note = {ISBN 9781138359338},
  url = {https://bookdown.org/yihui/rmarkdown},
}

@Book{rmarkdown2020,
  title = {R Markdown Cookbook},
  author = {Yihui Xie and Christophe Dervieux and Emily Riederer},
  publisher = {Chapman and Hall/CRC},
  address = {Boca Raton, Florida},
  year = {2020},
  note = {ISBN 9780367563837},
  url = {https://bookdown.org/yihui/rmarkdown-cookbook},
}

