@article{glanz2007nutrition,
  title={Nutrition Environment Measures Survey in stores (NEMS-S): development and evaluation},
  author={Glanz, Karen and Sallis, James F and Saelens, Brian E and Frank, Lawrence D},
  journal={American journal of preventive medicine},
  volume={32},
  number={4},
  pages={282--289},
  year={2007},
  publisher={Elsevier}
}

@Article{opentripplanner,
  title = {OpenTripPlanner for R},
  author = {Malcolm Morgan and Marcus Young and Robin Lovelace and Layik Hama},
  journal = {Journal of Open Source Software},
  year = {2019},
  volume = {4},
  number = {44},
  pages = {1926},
  doi = {10.21105/joss.01926},
}